@misc{1,
  title = {EU: Cars: Greenhouse Gas Emissions},
  howpublished = {\url{https://dieselnet.com/standards/eu/ghg.php}},
  note = {Navštíveno: 2021-12-12}
}

@misc{2,
  title = {Sectoral profile - Transport: Change in distance travelled by car},
  howpublished = {\url{https://www.odyssee-mure.eu/publications/efficiency-by-sector/transport/distance-travelled-by-car.html}},
  note = {Navštíveno: 2021-12-12}
}

@misc{3,
  title = {2020–2030 CO2 standards for new cars and light-commercial vehicles in the European Union},
  howpublished = {\url{https://theicct.org/sites/default/files/publications/ICCT_EU-CO2-stds_2020-30_brief_nov2016.pdf}},
  month = {November},
  year = {2016},
  author = {Peter Mock}
}

@misc{4,
  title = {Average CO2 emissions from new passenger cars, by EU country},
  howpublished = {\url{https://www.acea.auto/figure/average-co2-emissions-from-new-passenger-cars-by-eu-country/}},
  note = {Navštíveno: 2021-12-12}
}

@misc{5,
  title = {Adjusting for vehicle mass and size in European post-2020 CO2 targets for passenger cars},
  howpublished = {\url{https://theicct.org/sites/default/files/publications/ICCT_EU-LDV-CO2parameters_brief_201808.pdf}},
  month = {August},
  year = {2018},
  author = {Peter Mock and Uwe Tietge and Jan Dornof}
}

@misc{6,
  title = {Cars CO2 emissions},
  howpublished = {\url{https://www.transportenvironment.org/challenges/cars/co2-emissions/}},
  note = {Navštíveno: 2021-12-12}
}

@misc{7,
  title = {New registrations of electric vehicles in Europe},
  howpublished = {\url{https://www.eea.europa.eu/ims/new-registrations-of-electric-vehicles}},
  note = {Navštíveno: 2021-12-12},
  month = {November},
  year = {2021},
}

@misc{8,
  title = {Car recycling in Russia},
  howpublished = {\url{https://car.ru/news/autogramota/46850-utilizatsiya-avto-v-rossii/}},
  note = {Navštíveno: 2021-12-12},
  month = {September},
  year = {2019},
  author = {Maxim Derevyanchenko}
}

@misc{9,
  title = {Total number of registered passenger cars in France from 1999 to 2019},
  howpublished = {\url{https://www.statista.com/statistics/455887/passenger-cars-registered-in-france/#:~:text=According\%20to\%20the\%20figures\%20released,a\%20downward\%20trend\%20since\%202014}},
  note = {Navštíveno: 2021-12-12}
}

@misc{10,
  title = {Number of new electric passenger car registrations in France from 2010 to 2020},
  howpublished = {\url{https://www.statista.com/statistics/789145/registrations-electric-cars-france/}},
  note = {Navštíveno: 2021-12-12}
}

@misc{11,
  title = {New registrations of passenger cars in France from 2004 to 2020},
  howpublished = {\url{https://www.statista.com/statistics/1171096/cars-newly-registered-france/#:~:text=There\%20were\%201.7\%20million\%20new,slump\%20year\%2Don\%2Dyear}},
  note = {Navštíveno: 2021-12-12}
}

@misc{12,
  title = {Delivering the European Green Deal},
  howpublished = {\url{https://ec.europa.eu/info/strategy/priorities-2019-2024/european-green-deal/delivering-european-green-deal_en}},
  note = {Navštíveno: 2021-12-12}
}

@misc{13,
  title = {Mathematical formulas},
  howpublished = {\url{https://eur-lex.europa.eu/legal-content/EN/TXT/?uri=CELEX\%3A02019R0631-20211202#M4-2}},
  note = {Navštíveno: 2021-12-12}
}

% misc required: none
% misc optional:
%  author, title, howpublished, month, year, note.
